<record><leader>00000cas a22000007a 4500</leader><controlfield tag="001">26296463</controlfield><controlfield tag="008">920731c19809999ctudn ne      0   a0eng d</controlfield><controlfield tag="009">14297</controlfield><datafield ind1=" " ind2=" " tag="010"><subfield code="a">sn 92051347 </subfield></datafield><datafield ind1=" " ind2=" " tag="040"><subfield code="a">CNW</subfield><subfield code="b">eng</subfield><subfield code="c">CNW</subfield><subfield code="d">NSD</subfield><subfield code="d">CNW</subfield><subfield code="d">OCLCQ</subfield></datafield><datafield ind1=" " ind2=" " tag="012"><subfield code="l">1</subfield></datafield><datafield ind1="1" ind2=" " tag="022"><subfield code="a">1091-6946</subfield><subfield code="l">1091-6946</subfield><subfield code="2">1</subfield></datafield><datafield ind1="1" ind2=" " tag="029"><subfield code="a">AU@</subfield><subfield code="b">000020740730</subfield></datafield><datafield ind1=" " ind2=" " tag="037"><subfield code="b">Record-Journal Pub. Co., 11 Crown St., Meriden, CT 06450</subfield><subfield code="c">$00.50 (single issue)</subfield></datafield><datafield ind1=" " ind2=" " tag="042"><subfield code="a">msc</subfield><subfield code="a">nsdp</subfield></datafield><datafield ind1=" " ind2="0" tag="222"><subfield code="a">Record-journal</subfield></datafield><datafield ind1="0" ind2="0" tag="245"><subfield code="a">Record-journal.</subfield></datafield><datafield ind1="3" ind2=" " tag="246"><subfield code="a">Record journal</subfield></datafield><datafield ind1=" " ind2=" " tag="260"><subfield code="a">Meriden, CT :</subfield><subfield code="b">Meriden Record Co.</subfield></datafield><datafield ind1=" " ind2=" " tag="300"><subfield code="a">v.</subfield></datafield><datafield ind1=" " ind2=" " tag="310"><subfield code="a">Daily (except Christmas),</subfield><subfield code="b">Apr. 29, 1984-</subfield></datafield><datafield ind1=" " ind2=" " tag="321"><subfield code="a">Daily (except Sun., New Years, Memorial, July 4, Labor Day &amp; Christmas),</subfield><subfield code="b">1980-Apr. 28, 1984</subfield></datafield><datafield ind1="0" ind2=" " tag="362"><subfield code="a">113th year, no. 207 (Sept. 2, 1980)-</subfield></datafield><datafield ind1=" " ind2=" " tag="500"><subfield code="a">Articles selectively issued in CDR&#818;OM version as part of: Newsbank News File, and on microfiche as part of: Newsbank Reference Services.</subfield></datafield><datafield ind1=" " ind2=" " tag="515"><subfield code="a">Issues for Jan. 1, 1992- lack volume numbering.</subfield></datafield><datafield ind1=" " ind2=" " tag="530"><subfield code="a">Available on microfilm from UMI.</subfield></datafield><datafield ind1=" " ind2=" " tag="580"><subfield code="a">Also publishes a Spanish language weekly : Tiempo (Meriden, Conn.).</subfield></datafield><datafield ind1=" " ind2="4" tag="651"><subfield code="a">Meriden (Conn.)</subfield><subfield code="v">Newspapers.</subfield></datafield><datafield ind1=" " ind2="4" tag="651"><subfield code="a">Wallingford (Conn.)</subfield><subfield code="v">Newspapers.</subfield></datafield><datafield ind1=" " ind2="4" tag="651"><subfield code="a">Cheshire (Conn.)</subfield><subfield code="v">Newspapers.</subfield></datafield><datafield ind1=" " ind2="4" tag="651"><subfield code="a">Southington (Conn.)</subfield><subfield code="v">Newspapers.</subfield></datafield><datafield ind1=" " ind2=" " tag="752"><subfield code="a">United States</subfield><subfield code="b">Connecticut</subfield><subfield code="c">New Haven</subfield><subfield code="d">Meriden.</subfield></datafield><datafield ind1="0" ind2="0" tag="780"><subfield code="t">Morning record and journal</subfield><subfield code="w">(DLC)sn 82015201</subfield><subfield code="w">(OCoLC)8807866</subfield></datafield><datafield ind1="1" ind2=" " tag="787"><subfield code="t">Tiempo (Meriden, Conn.)</subfield><subfield code="w">(DLC)sn 97060917</subfield><subfield code="w">(OCoLC)37029335</subfield></datafield></record>